@techreport{degerencia,
  title={Ger{\^e}ncia de Risco em Processos de Qualidade de Software: uma An{\'a}lise Comparativa},
  author={de Gusm{\~a}o, Cristine Martins Gomes and de Moura, Hermano Perrelli},
  	institution={Centro de Informática – Universidade Federal de Pernambuco (UFPE)},
	year={2002}
}

@techreport{cite4,
	title={Software Risk Management.},
	author={Higuera, Ronald P and Haimes, Yacov Y},
	year={1996},
	institution={CARNEGIE-MELLON UNIV PITTSBURGH PA SOFTWARE ENGINEERING INST}
}
@article{cite5,
	title={Characterizing the software process: a maturity framework},
	author={Humphrey, Watts S},
	journal={IEEE software},
	volume={5},
	number={2},
	pages={73--79},
	year={1988},
	publisher={IEEE}
}